@online{nist-selected-algorithms,
	url={https://csrc.nist.gov/Projects/post-quantum-cryptography/selected-algorithms-2022}
}

@online{bsi-quantensicher-gestalten,
	url={https://www.bsi.bund.de/SharedDocs/Downloads/DE/BSI/Publikationen/Broschueren/Kryptografie-quantensicher-gestalten.pdf}
}

@online{proverif,
	url={https://proverif.inria.fr/}
}
@online{cryptoverif,
	url={https://cryptoverif.inria.fr/}
}

@inproceedings{pqwg,
	author    = {Andreas H{\"{u}}lsing and
		Kai{-}Chun Ning and
			Peter Schwabe and
			Florian Weber and
			Philip R. Zimmermann},
	title     = {Post-quantum WireGuard},
	booktitle = {42nd {IEEE} Symposium on Security and Privacy, {SP} 2021, San Francisco,
		CA, USA, 24-27 May 2021},
	pages     = {304--321},
	publisher = {{IEEE}},
	year      = {2021},
	url       = {https://doi.org/10.1109/SP40001.2021.00030},
	doi       = {10.1109/SP40001.2021.00030},
	timestamp = {Mon, 03 Jan 2022 22:27:45 +0100},
	biburl    = {https://dblp.org/rec/conf/sp/HulsingNSWZ21.bib},
	bibsource = {dblp computer science bibliography, https://dblp.org},
	note = {Full version: \url{https://eprint.iacr.org/2020/379}}
}
